@misc{markdown,
    title = "Markdown",
    author = {Gruber, John and Swartz, Aaron},
    howpublished = "\url{https://daringfireball.net/projects/markdown/}",
    year = 2004
}
@misc{pandoc,
    title = "Pandoc",
    author = {MacFarlane, John},
    howpublished = "\url{https://pandoc.org/}",
    year = 2006
}
